@article{eigrp,
  title={{EIGRP}--A fast routing protocol based on distance vectors},
  author={Albrightson, R and Garcia-Luna-Aceves, JJ and Boyle, Joanne},
  journal={Interop 94},
  year={1994}
}

@article{azar1994,
  title={Balanced allocations},
  author={Azar, Yossi and Broder, Andrei Z and Karlin, Anna R and Upfal, Eli},
  journal={SIAM journal on computing},
  volume={29},
  number={1},
  pages={180--200},
  year={1999},
  publisher={SIAM}
}

@inproceedings{baker1987,
  title={Reducing bias and inefficiency in the selection algorithm},
  author={Baker, James E},
  booktitle={Proceedings of the second international conference on genetic algorithms},
  pages={14--21},
  year={1987}
}

@article{hdfs2008,
  title={{HDFS} architecture guide},
  author={Borthakur, Dhruba and others},
  journal={Hadoop Apache Project},
  volume={53},
  year={2008}
}

@article{esxi2008,
  title={The architecture of {VMware} {ESXi}},
  author={Chaubal, Charu},
  journal={VMware White Paper},
  volume={1},
  number={7},
  year={2008}
}

@article{raid2,
  title={{RAID:} High-performance, reliable secondary storage},
  author={Chen, Peter M and Lee, Edward K and Gibson, Garth A and Katz, Randy H and Patterson, David A},
  journal={ACM Computing Surveys (CSUR)},
  volume={26},
  number={2},
  pages={145--185},
  year={1994},
  publisher={ACM}
}

@inproceedings{truncation1973,
  title={Efficiency of truncation selection},
  author={Crow, James F and Kimura, Motoo},
  journal={Proceedings of the National Academy of Sciences},
  volume={76},
  number={1},
  pages={396--399},
  year={1979},
  publisher={National Acad Sciences}
}

@article{mapreduce,
  title={{MapReduce:} simplified data processing on large clusters},
  author={Dean, Jeffrey and Ghemawat, Sanjay},
  journal={Communications of the ACM},
  volume={51},
  number={1},
  pages={107--113},
  year={2008},
  publisher={ACM}
}

@inproceedings{gfs,
  title={The {Google} file system},
  author={Ghemawat, Sanjay and Gobioff, Howard and Leung, Shun-Tak},
  booktitle={ACM SIGOPS operating systems review},
  volume={37},
  number={5},
  pages={29--43},
  year={2003},
  organization={ACM}
}

@article{hadoop,
  title={Hadoop: The definitive guide},
  author={White, Tom},
  year={2012},
  publisher={" O'Reilly Media, Inc."}
}

@article{matplotlib,
  title={Matplotlib: A 2D graphics environment},
  author={Hunter, John D},
  journal={Computing In Science \& Engineering},
  volume={9},
  number={3},
  pages={90--95},
  year={2007},
  publisher={IEEE}
}

@inproceedings{adapt2012,
  title={Adapt: Availability-aware mapreduce data placement for non-dedicated distributed computing},
  author={Jin, Hui and Yang, Xi and Sun, Xian-He and Raicu, Ioan},
  booktitle={Distributed Computing Systems (ICDCS), 2012 IEEE 32nd International Conference on},
  pages={516--525},
  year={2012},
  organization={IEEE}
}

@article{cassandra,
  title={Cassandra: a decentralized structured storage system},
  author={Lakshman, Avinash and Malik, Prashant},
  journal={ACM SIGOPS Operating Systems Review},
  volume={44},
  number={2},
  pages={35--40},
  year={2010},
  publisher={ACM}
}

@article{paxos2005,
  title={The part-time parliament},
  author={Lamport, Leslie},
  journal={ACM Transactions on Computer Systems (TOCS)},
  volume={16},
  number={2},
  pages={133--169},
  year={1998},
  publisher={ACM}
}

@techreport{distance-vector-1,
  title={Arpanet routing algorithm improvements},
  author={McQuillan, John M and Richer, Ira and Rosen, Eric C and Bertsekas, DP},
  year={1978},
  institution={BOLT BERANEK AND NEWMAN INC CAMBRIDGE MA}
}

@article{gfs-interview,
  title={{GFS:} Evolution on fast-forward},
  author={McKusick, Kirk and Quinlan, Sean},
  journal={Communications of the ACM},
  volume={53},
  number={3},
  pages={42--49},
  year={2010},
  publisher={ACM}
}

@article{2choice,
  title={The power of two choices in randomized load balancing},
  author={Mitzenmacher, Michael},
  journal={IEEE Transactions on Parallel and Distributed Systems},
  volume={12},
  number={10},
  pages={1094--1104},
  year={2001},
  publisher={IEEE}
}

@book{raid,
  title={A case for redundant arrays of inexpensive disks {(RAID)}},
  author={Patterson, David A and Gibson, Garth and Katz, Randy H},
  volume={17},
  number={3},
  year={1988},
  publisher={ACM}
}

@inproceedings{perez2003,
  title={Data allocation and load balancing for heterogeneous cluster storage systems},
  author={Perez, Jose Maria and Garcia, Felix and Carretero, Jesus and Calderon, Alejandro and Sanchez, Luis Miguel},
  booktitle={Cluster Computing and the Grid, 2003. Proceedings. CCGrid 2003. 3rd IEEE/ACM International Symposium on},
  pages={718--723},
  year={2003},
  organization={IEEE}
}

@book{stl,
  title={The {C++} standard library: a tutorial and reference},
  author={Josuttis, Nicolai M},
  year={2012},
  publisher={Addison-Wesley}
}

@misc{bible,
  title={The Nutanix Bible},
  url={www.nutanixbible.com}, 
  journal={NutanixBible.com}, 
  author={Poitras, Steven}
}

@article{igrp,
  title={An introduction to {IGRP}},
  author={Hedrick, C and Bosack, L},
  journal={Rutgers-The State University of New Jersey Technical Publication, Laboratory for Computer Science},
  year={1991}
}

@article{breeder1993,
  title={Predictive models for the breeder genetic algorithm i. continuous parameter optimization},
  author={M{\"u}hlenbein, Heinz and Schlierkamp-Voosen, Dirk},
  journal={Evolutionary computation},
  volume={1},
  number={1},
  pages={25--49},
  year={1993},
  publisher={MIT Press}
}

@inproceedings{suresh2015,
  title={{C3:} Cutting Tail Latency in Cloud Data Stores via Adaptive Replica Selection.},
  author={Suresh, P Lalith and Canini, Marco and Schmid, Stefan and Feldmann, Anja},
  booktitle={NSDI},
  pages={513--527},
  year={2015}
}

@inproceedings{python,
  title={Python Programming Language.},
  author={Van Rossum, Guido and others},
  booktitle={USENIX Annual Technical Conference},
  volume={41},
  pages={36},
  year={2007}
}

@book{hyperv2009,
  title={Microsoft virtualization with {Hyper-V}},
  author={Velte, Anthony and Velte, Toby},
  year={2009},
  publisher={McGraw-Hill, Inc.}
}

@inproceedings{xie2010,
  title={Improving mapreduce performance through data placement in heterogeneous hadoop clusters},
  author={Xie, Jiong and Yin, Shu and Ruan, Xiaojun and Ding, Zhiyang and Tian, Yun and Majors, James and Manzanares, Adam and Qin, Xiao},
  booktitle={Parallel \& Distributed Processing, Workshops and Phd Forum (IPDPSW), 2010 IEEE International Symposium on},
  pages={1--9},
  year={2010},
  organization={IEEE}
}

@article{zaharia2008,
  title={Improving MapReduce performance in heterogeneous environments.},
  author={Zaharia, Matei and Konwinski, Andy and Joseph, Anthony D and Katz, Randy H and Stoica, Ion},
  booktitle={Osdi},
  volume={8},
  number={4},
  pages={7},
  year={2008}
}
